<response>
  <total>2</total>
  <search_id>FGluY2x1ZGVfY29udGV4dF91dWlkDnF1ZXJ5VGhlbkZldGNoAhZZcnN1ckhib1RxV1k2QTdIUVQzeFVRAAAAAAFmzBwWY3VZUi1tZW9TNGVGaWF5TnQ1NWVhdxZfc0FSV1YzMVE5S0wtQy1La240M0pnAAAAAACfPsQWclV3TXdJR09RQkdxU3cxN2RXU2wyQQ==</search_id>
  <collection xmlns="http://www.loc.gov/MARC21/slim">
    <record>
  <controlfield tag="001">103508</controlfield>
  <controlfield tag="005">20250429165103.0</controlfield>
  <datafield tag="035" ind1=" " ind2=" ">
    <subfield code="a">(ohc)00159</subfield>
  </datafield>
  <datafield tag="041" ind1=" " ind2=" ">
    <subfield code="a">eng</subfield>
  </datafield>
  <datafield tag="245" ind1=" " ind2=" ">
    <subfield code="a">Richard Billups</subfield>
    <subfield code="b">Oakland Army Base Oral History Project ; interviews conducted by Martin Meeker in 2007. Regional Oral History Office, The Bancroft Library, University of California, Berkeley.</subfield>
  </datafield>
  <datafield tag="269" ind1=" " ind2=" ">
    <subfield code="a">2009</subfield>
  </datafield>
  <datafield tag="300" ind1=" " ind2=" ">
    <subfield code="c">29 cm.</subfield>
    <subfield code="a">Transcript:  48  p.</subfield>
    <subfield code="b">sd., col.</subfield>
    <subfield code="c">4 3/4 in.</subfield>
    <subfield code="a">Video interview:  2 videodiscs</subfield>
  </datafield>
  <datafield tag="336" ind1=" " ind2=" ">
    <subfield code="a">Text</subfield>
  </datafield>
  <datafield tag="520" ind1=" " ind2=" ">
    <subfield code="a">After serving in the Navy, Billups became an electrician at the Oakland Army Base, working as a civilian employee of the Department of Defense. He retired from this position in 1997. In this interview, Billups discusses his work at the base as well as his thoughts on the Vietnam War and changing social relations over the course of his career.</subfield>
  </datafield>
  <datafield tag="540" ind1=" " ind2=" ">
    <subfield code="a">Researchers may make free and open use of the UC Berkeley Library’s digitized public domain materials. However, some materials in our online collections may be protected by U.S. copyright law (Title 17, U.S.C.). Use or reproduction of materials protected by copyright beyond that allowed by fair use (Title 17, U.S.C. § 107) requires permission from the copyright owners. The use or reproduction of some materials may also be restricted by terms of University of California gift or purchase agreements, privacy and publicity rights, or trademark law. Responsibility for determining rights status and permissibility of any use or reproduction rests exclusively with the researcher. To learn more or make inquiries, please see our permissions policies (https://www.lib.berkeley.edu/about/permissions-policies).
</subfield>
  </datafield>
  <datafield tag="542" ind1=" " ind2=" ">
    <subfield code="f">Oral history is a method of collecting historical information through recorded interviews between a narrator with firsthand knowledge of historically significant events and a well-informed interviewer, with the goal of preserving substantive additions to the historical record. Because it is primary material, oral history is not intended to present the final, verified, or complete narrative of events. It is a spoken account. It reflects personal opinion offered by the interviewee in response to questioning, and as such it is partisan, deeply involved, and irreplaceable. &lt;/br&gt;&lt;/br&gt; Literary rights in the manuscript, including the right to publish, are typically reserved to The Bancroft Library of the University of California, Berkeley, but in some cases are retained by third parties. &lt;/br&gt;&lt;/br&gt;Please see the information at the beginning of each transcript regarding permission information. For more information on permissions please see:   &lt;a href="http://www.lib.berkeley.edu/libraries/bancroft-library/oral-history-center/rights"&gt;http://www.lib.berkeley.edu/libraries/bancroft-library/oral-history-center/rights&lt;/a&gt;.</subfield>
  </datafield>
  <datafield tag="600" ind1=" " ind2=" ">
    <subfield code="a">Billups, Richard,  1943- -- Interviews.</subfield>
  </datafield>
  <datafield tag="650" ind1=" " ind2=" ">
    <subfield code="a">Military bases -- California -- Oakland -- History.</subfield>
  </datafield>
  <datafield tag="651" ind1=" " ind2=" ">
    <subfield code="a">Oakland Army Base (Calif.) -- History.</subfield>
  </datafield>
  <datafield tag="655" ind1=" " ind2=" ">
    <subfield code="a">Oral histories.</subfield>
    <subfield code="2">rbgenr</subfield>
  </datafield>
  <datafield tag="700" ind1="1" ind2=" ">
    <subfield code="a">Billups, Richard,  1943-</subfield>
    <subfield code="e">interviewee.</subfield>
  </datafield>
  <datafield tag="700" ind1="1" ind2=" ">
    <subfield code="a">Meeker, Martin</subfield>
    <subfield code="e">interviewer.</subfield>
  </datafield>
  <datafield tag="710" ind1="2" ind2=" ">
    <subfield code="a">Bancroft Library.  Regional Oral History Office.</subfield>
  </datafield>
  <datafield tag="710" ind1="2" ind2=" ">
    <subfield code="a">Oakland Army Base Oral History Project.</subfield>
  </datafield>
  <datafield tag="852" ind1=" " ind2=" ">
    <subfield code="c">The Bancroft Library</subfield>
  </datafield>
  <datafield tag="856" ind1="4" ind2="0">
    <subfield code="u">http://oskicat.berkeley.edu/record=b17715956</subfield>
    <subfield code="y">View library catalog record.</subfield>
  </datafield>
  <datafield tag="856" ind1="4" ind2=" ">
    <subfield code="y">No.1</subfield>
    <subfield code="9">cbc4be3e-9963-4faa-9937-6bfed209c494</subfield>
    <subfield code="s">111498</subfield>
    <subfield code="u">https://digicoll.lib.berkeley.edu/record/103508/files/billups_rich.pdf</subfield>
  </datafield>
  <datafield tag="856" ind1="4" ind2="1">
    <subfield code="u">https://search.library.berkeley.edu/permalink/01UCS_BER/1thfj9n/alma991075470659706532</subfield>
    <subfield code="y">View library catalog record.</subfield>
  </datafield>
  <datafield tag="901" ind1=" " ind2=" ">
    <subfield code="m">b17715956</subfield>
    <subfield code="o">518518138</subfield>
  </datafield>
  <datafield tag="901" ind1=" " ind2=" ">
    <subfield code="m">991075470659706532</subfield>
  </datafield>
  <datafield tag="903" ind1=" " ind2=" ">
    <subfield code="b">m</subfield>
  </datafield>
  <datafield tag="909" ind1="C" ind2="O">
    <subfield code="o">oai:digicoll.lib.berkeley.edu:103508</subfield>
    <subfield code="p">roho:ia</subfield>
    <subfield code="p">sfg</subfield>
    <subfield code="q">mcleanCalisphere_oai</subfield>
  </datafield>
  <datafield tag="980" ind1=" " ind2=" ">
    <subfield code="a">ROHO: IA</subfield>
  </datafield>
  <datafield tag="982" ind1=" " ind2=" ">
    <subfield code="a">Oral Histories</subfield>
    <subfield code="b">Oral Histories</subfield>
  </datafield>
</record>