
    <record>
  <controlfield tag="001">218433</controlfield>
  <controlfield tag="005">20250321021613.0</controlfield>
  <datafield tag="035" ind1=" " ind2=" ">
    <subfield code="a">(ohc)1442</subfield>
  </datafield>
  <datafield tag="041" ind1=" " ind2=" ">
    <subfield code="a">eng</subfield>
  </datafield>
  <datafield tag="245" ind1=" " ind2=" ">
    <subfield code="a">Richard Billups: Oakland Army Base Oral History Project</subfield>
  </datafield>
  <datafield tag="260" ind1=" " ind2=" ">
    <subfield code="a">Berkeley, CA</subfield>
    <subfield code="b">Regional Oral History Office</subfield>
    <subfield code="c">2009</subfield>
  </datafield>
  <datafield tag="269" ind1=" " ind2=" ">
    <subfield code="a">2009</subfield>
  </datafield>
  <datafield tag="336" ind1=" " ind2=" ">
    <subfield code="a">Text</subfield>
  </datafield>
  <datafield tag="500" ind1=" " ind2=" ">
    <subfield code="a">Billups, Richard. "Richard Billups: Oakland Army Base Oral History Project." Interview by Martin Meeker in 2007. Oral History Center, The Bancroft Library, University of California, Berkeley, 2009.</subfield>
  </datafield>
  <datafield tag="500" ind1=" " ind2=" ">
    <subfield code="a">Interview date(s) 2007</subfield>
  </datafield>
  <datafield tag="520" ind1=" " ind2=" ">
    <subfield code="a">Richard Billups was born in 1943 and raised in Oregon. After serving in the Navy, Billups became an electrician at the OAB, working as a civilian employee of the Department of Defense. He retired from this position in 1997. In this interview, Billups discussed his work at the base as well as his thoughts on the Vietnam War and changing social relations over the course of his career.</subfield>
  </datafield>
  <datafield tag="540" ind1=" " ind2=" ">
    <subfield code="a">Researchers may make free and open use of the UC Berkeley Library’s digitized public domain materials. However, some materials in our online collections may be protected by U.S. copyright law (Title 17, U.S.C.). Use or reproduction of materials protected by copyright beyond that allowed by fair use (Title 17, U.S.C. § 107) requires permission from the copyright owners. The use or reproduction of some materials may also be restricted by terms of University of California gift or purchase agreements, privacy and publicity rights, or trademark law. Responsibility for determining rights status and permissibility of any use or reproduction rests exclusively with the researcher. To learn more or make inquiries, please see our permissions policies (https://www.lib.berkeley.edu/visit/bancroft/oral-history-center/projects?section=permissions).</subfield>
  </datafield>
  <datafield tag="650" ind1=" " ind2=" ">
    <subfield code="a">Community and Identity</subfield>
  </datafield>
  <datafield tag="655" ind1=" " ind2=" ">
    <subfield code="a">Oral histories.</subfield>
  </datafield>
  <datafield tag="700" ind1="1" ind2=" ">
    <subfield code="a">Billups, Richard</subfield>
    <subfield code="e">interviewee</subfield>
  </datafield>
  <datafield tag="700" ind1="1" ind2=" ">
    <subfield code="a">Meeker, Martin</subfield>
    <subfield code="e">interviewer</subfield>
  </datafield>
  <datafield tag="852" ind1=" " ind2=" ">
    <subfield code="c">The Bancroft Library Oral History Center</subfield>
  </datafield>
  <datafield tag="856" ind1="4" ind2=" ">
    <subfield code="9">1ecbf14d-3da1-4f78-9cdd-59f4b34f2b9f</subfield>
    <subfield code="s">111498</subfield>
    <subfield code="u">https://digicoll.lib.berkeley.edu/record/218433/files/billups_rich.pdf</subfield>
  </datafield>
  <datafield tag="856" ind1="4" ind2="0">
    <subfield code="u">http://oskicat.berkeley.edu/record=b17715956</subfield>
    <subfield code="y">View library catalog record</subfield>
  </datafield>
  <datafield tag="856" ind1="4" ind2="1">
    <subfield code="u">https://www.lib.berkeley.edu/visit/bancroft/oral-history-center/projects/oakland-army-base</subfield>
    <subfield code="y">Project website</subfield>
  </datafield>
  <datafield tag="856" ind1="4" ind2="1">
    <subfield code="u">https://search.library.berkeley.edu/permalink/01UCS_BER/1thfj9n/alma991075470659706532</subfield>
    <subfield code="y">View library catalog record</subfield>
  </datafield>
  <datafield tag="901" ind1=" " ind2=" ">
    <subfield code="m">b17715956</subfield>
  </datafield>
  <datafield tag="901" ind1=" " ind2=" ">
    <subfield code="m">991075470659706532</subfield>
  </datafield>
  <datafield tag="902" ind1=" " ind2=" ">
    <subfield code="d">2021-02-19</subfield>
    <subfield code="n">SMS</subfield>
  </datafield>
  <datafield tag="909" ind1="C" ind2="O">
    <subfield code="o">oai:digicoll.lib.berkeley.edu:218433</subfield>
    <subfield code="p">ohc</subfield>
    <subfield code="p">ohc_980</subfield>
    <subfield code="p">sfg</subfield>
    <subfield code="q">mcleanCalisphere_oai</subfield>
  </datafield>
  <datafield tag="980" ind1=" " ind2=" ">
    <subfield code="a">OHC: Oakland Army</subfield>
  </datafield>
  <datafield tag="982" ind1=" " ind2=" ">
    <subfield code="a">Oakland Army Base Oral Histories</subfield>
    <subfield code="b">Oakland Army Base Oral Histories</subfield>
  </datafield>
</record>
  </collection>
</response>
